@webpage{whittle2014,
	Author = {Dustin Whittle},
	Month = {Abril},
	Title = {An Introduction to DevOps},
	Url = {https://devops.com/introductiontodevops/#disqus_thread},
	Note = {\bibhref{https://devops.com/introductiontodevops/#disqus_thread}{Enlace}},
	Year = {2014}}
z
@webpage{consultorit2017,
	Author = {Consultor IT},
	Month = {Enero},
	Title = {Estudio {CA} {Technologies} sobre la importancia de la {Agilidad} y {DevOps} en el desarrollo de software [PDF de 20 pgs.]},
	Note = {\bibhref{http://www.consultor-it.com/articulo/70201/devops/todos/estudio-ca-technologies-sobre-la-importancia-de-la-agilidad-y-devops-en-el-desarrollo-de-software-pdf-de-20-pgs}{Enlace}},
	Year = {2017}}

@webpage{catechnologies2017,
	Author = {CA Technologies},
	Month = {Enero},
	Title = {Accelerating {Velocity} and {Customer Value} with {Agile and DevOps}},
	Note = {\bibhref{https://www.ca.com/us/modern-software-factory/content/accelerating-velocity-and-customer-value-with-agile-and-devops.html}{Enlace}},
	Year = {2017}}

@webpage{expansion2017,
	Author = {Elena Arrieta},
	Month = {Mayo},
	Title = {{DevOps}: la tecnología y el negocio deben hablar el mismo idioma},
	Note = {\bibhref{http://www.expansion.com/economia-digital/innovacion/2017/05/10/5911c8a822601d1d508b464a.html}{Enlace}},
	Year = {2017}}

@webpage{claranet2017,
	Author = {Claranet},
	Title = {{DevOps}: qué es y cómo lo aplicamos},
	Note = {\bibhref{https://www.claranet.es/sites/all/assets/es/claranet-ebook-introduccion-devops-2016.pdf}{Enlace}},
	Year = {Accedido: Agosto de 2017}}

@webpage{hpe2016,
	Author = {Hewlett Packard Enterprise},
	Month = {Octubre},
	Title = {{Application Security and DevOps}},
	Note = {\bibhref{https://saas.hpe.com/en-us/marketing/secure-sdlc-and-devops?jumpid=va_uxr8325zti}{Enlace}},
	Year = {2016}}

@webpage{searchdatacenter2015,
	Author = {Alan R. Earls},
	Month = {Diciembre},
	Title = {{Construir un entorno DevOps con microservicios y contenedores}},
	Note = {\bibhref{http://searchdatacenter.techtarget.com/es/consejo/Construir-un-entorno-DevOps-con-microservicios-y-contenedores}{Enlace}},
	Year = {2015}}

@webpage{github2017,
	Author = {GitHub Inc.},
	Note = {\bibhref{https://github.com/}{Enlace}},
	Year = {Accedido: Agosto de 2017}}

@webpage{jenkins2017,
	Author = {Jenkins},
	Note = {\bibhref{https://jenkins.io/}{Enlace}},
	Year = {Accedido: Agosto de 2017}}

@webpage{docker2017,
	Author = {Docker Inc.},
	Note = {\bibhref{https://www.docker.com/}{Enlace}},
	Year = {Accedido: Septiembre de 2017}}

@webpage{quorajenkins2017,
	Author = {Quora},
	Month = {Julio},
	Title = {{What are the benefits of Jenkins?}},
	Note = {\bibhref{https://www.quora.com/What-are-the-benefits-of-Jenkins}{Enlace}},
	Year = {2017}}

@webpage{quintana2015,
	Author = {Erlinis Quintana},
	Month = {Junio},
	Title = {{10 razones para usar Github}},
	Note = {\bibhref{https://gist.github.com/erlinis/57a55dfb0337f5cd15cd}{Enlace}},
	Year = {2015}}

@webpage{alcazar2014,
	Author = {Israel Alcázar},
	Month = {Junio},
	Title = {{Introducción a Git y Github}},
	Note = {\bibhref{https://desarrolloweb.com/articulos/introduccion-git-github.html}{Enlace}},
	Year = {2014}}


@webpage{prescott2015,
	Author = {Adam Prescott},
	Month = {Junio},
	Title = {{Automated vulnerability checking with bundler-audit and Travis}},
	Note = {\bibhref{https://aprescott.com/posts/bundler-audit}{Enlace}},
	Year = {2015}}

@webpage{bundleaudit2017,
	Author = {rubysec/bundler-audit},
	Note = {\bibhref{https://github.com/rubysec/bundler-audit}{Enlace}},
	Year = {Accedido: Septiembre de 2017}}

@webpage{advisorydb2017,
	Author = {rubysec/ruby-advisory-db},
	Note = {\bibhref{https://github.com/rubysec/ruby-advisory-db}{Enlace}},
	Year = {Accedido: Septiembre de 2017}}

@webpage{clair2017,
	Author = {coreos/clair},
	Note = {\bibhref{https://github.com/coreos/clair}{Enlace}},
	Year = {Accedido: Septiembre de 2017}}

@webpage{clairctl2017,
	Author = {jgsqware/clairctl},
	Note = {\bibhref{https://github.com/jgsqware/clairctl}{Enlace}},
	Year = {Accedido: Septiembre de 2017}}

@webpage{garciaoterino2015,
	Author = {Ana M. del Carmen García Oterino},
	Month = {Julio},
	Title = {{¿Qué es Docker? ¿Para qué se utiliza? Explicado de forma sencilla}},
	Note = {\bibhref{http://www.javiergarzas.com/2015/07/que-es-docker-sencillo.html}{Enlace}},
	Year = {2015}}

@webpage{velazco2016,
	Author = {Rubén Velasco},
	Month = {Febrero},
	Title = {{¿Qué es Docker? ¿Para qué se utiliza? Explicado de forma sencilla}},
	Note = {\bibhref{https://www.redeszone.net/2016/02/24/docker-funciona-la-virtualizacion-contenedores/}{Enlace}},
	Year = {2016}}


@webpage{tal2016,
	Author = {Liran Tal},
	Title = {{Node.JS security done right - OWASP}},
	Note = {\bibhref{https://www.owasp.org/images/f/fa/AppSecIL2016_NodeJS-Security_LiranTal.pdf}{Enlace}},
	Year = {2016}}

@webpage{santamaria2015,
	Author = {Pedro Santamaría},
	Month = {Abril},
	Title = {{Slack, aprende a sacarle partido a la herramienta de comunicación de moda}},
	Note = {\bibhref{http://www.nobbot.com/personas/slack-aprende-sacarle-partido-la-herramienta-de-comunicacion-de-moda/}{Enlace}},
	Year = {2015}}

@webpage{dockerinstallation2017,
	Author = {Docker Inc.},
	Title = {{Install Docker}},
	Note = {\bibhref{https://docs.docker.com/engine/installation/}{Enlace}},
	Year = {Accedido: Septiembre de 2017}}

@webpage{dockercomposeinstallation2017,
	Author = {Docker Inc.},
	Title = {{Install Docker Compose}},
	Note = {\bibhref{https://docs.docker.com/compose/install/}{Enlace}},
	Year = {Accedido: Septiembre de 2017}}

@webpage{vera2014,
	Author = {Macarena Vera},
	Title = {{Los beneficios de implementar la Metodolog\'{i}a \'{A}gil}},
	Note = {\bibhref{http://www.i2btech.com/blog-i2b/tech-deployment/los-beneficios-de-implementar-la-metodologia-agil/}{Enlace}},
	Year = {Accedido: Septiembre de 2017}}

@webpage{IC2017,
	Author = {Thought Works},
	Title = {{Continuous Integration}},
	Note = {\bibhref{https://www.thoughtworks.com/continuous-integration}{Enlace}},
	Year = {Accedido: Septiembre de 2017}}

@webpage{rouse2017,
	Author = {Margaret Rouse},
	Title = {{static analysis (static code analysis)}},
	Note = {\bibhref{http://searchwindevelopment.techtarget.com/definition/static-analysis}{Enlace}},
	Year = {Accedido: Septiembre de 2017}}

@webpage{velazco2016,
	Author = {Rub\'{e}n Velazco},
	Month = {Febrero},
	Title = {{Docker, qu\'{e} es y c\'{o}mo funciona la virtualizaci\'{o}n de contenedores}},
	Note = {\bibhref{https://www.redeszone.net/2016/02/24/docker-funciona-la-virtualizacion-contenedores/}{Enlace}},
	Year = {2016}}

@webpage{aws2017,
	Author = {Amazon Wev Services},
	Note = {\bibhref{https://aws.amazon.com/es/}{Enlace}},
	Year = {Accedido: Agosto de 2017}}

@webpage{azure2017,
	Author = {Microsoft Azure},
	Note = {\bibhref{https://azure.microsoft.com/es-es/}{Enlace}},
	Year = {Accedido: Agosto de 2017}}

@webpage{cve2017,
	Author = {CVE},
	Note = {\bibhref{https://cve.mitre.org/}{Enlace}},
	Year = {Accedido: Agosto de 2017}}

@webpage{google2017,
	Author = {Google Cloud Engine},
	Note = {\bibhref{https://cloud.google.com/}{Enlace}},
	Year = {Accedido: Septiembre de 2017}}

@webpage{wiki2017,
	Author = {Dependencias software},
	Note = {\bibhref{https://es.wikipedia.org/wiki/Dependencias_de_software}{Enlace}},
	Year = {Accedido: Septiembre de 2017}}

@webpage{nodesp2017,
	Author = {Node Security Platform},
	Note = {\bibhref{https://nodesecurity.io/}{Enlace}},
	Year = {Accedido: Septiembre de 2017}}

@webpage{slackplugin2017,
	Author = {jenkinsci},
	Title = {slack-plugin},
	Note = {\bibhref{https://github.com/jenkinsci/slack-plugin}{Enlace}},
	Year = {Accedido: Septiembre de 2017}}